<record><leader>00000cas a2200000Ka 4500</leader><controlfield tag="001">30024651</controlfield><controlfield tag="008">940325c19379999vauwr ne      0   a0eng d</controlfield><datafield ind1=" " ind2=" " tag="010"><subfield code="a">sn 96094044 </subfield></datafield><datafield ind1=" " ind2=" " tag="040"><subfield code="a">VCN</subfield><subfield code="b">eng</subfield><subfield code="c">VCN</subfield><subfield code="d">NVK</subfield><subfield code="d">DLC</subfield><subfield code="d">OCLCF</subfield><subfield code="d">OCLCO</subfield></datafield><datafield ind1=" " ind2=" " tag="032"><subfield code="a">220560</subfield><subfield code="b">USPS</subfield></datafield><datafield ind1=" " ind2=" " tag="037"><subfield code="b">Gazette-Journal, P.O. Box J, Gloucester, VA 23061</subfield></datafield><datafield ind1=" " ind2=" " tag="043"><subfield code="a">n-us-va</subfield></datafield><datafield ind1=" " ind2=" " tag="090"><subfield code="a">AN</subfield></datafield><datafield ind1="0" ind2="0" tag="245"><subfield code="a">Gloucester Mathews gazette-journal.</subfield></datafield><datafield ind1="1" ind2=" " tag="246"><subfield code="a">Gloucester gazette-Mathews journal</subfield></datafield><datafield ind1="3" ind2=" " tag="246"><subfield code="a">Gloucester Mathews gazette journal</subfield></datafield><datafield ind1="3" ind2=" " tag="246"><subfield code="a">Gloucester gazette Mathews journal</subfield></datafield><datafield ind1="3" ind2=" " tag="246"><subfield code="a">Gazette journal</subfield></datafield><datafield ind1="3" ind2="0" tag="246"><subfield code="a">Gazette-journal</subfield></datafield><datafield ind1="1" ind2="7" tag="246"><subfield code="a">Gloucester-Mathews gazette-journal</subfield></datafield><datafield ind1=" " ind2=" " tag="260"><subfield code="a">Gloucester, Va. :</subfield><subfield code="b">Tidewater Newspapers, Inc.,</subfield></datafield><datafield ind1=" " ind2=" " tag="300"><subfield code="a">v. :</subfield><subfield code="b">ill. ;</subfield><subfield code="c">58 cm.</subfield></datafield><datafield ind1=" " ind2=" " tag="310"><subfield code="a">Weekly</subfield></datafield><datafield ind1="0" ind2=" " tag="362"><subfield code="a">Vol. 1, no. 1 (Nov. 4, 1937)-</subfield></datafield><datafield ind1=" " ind2=" " tag="530"><subfield code="a">Available on microfilm from Microphoto.</subfield></datafield><datafield ind1=" " ind2=" " tag="500"><subfield code="a">"Gloucester (Virginia) Mathews" appears in smaller type above "Gazette-journal."</subfield></datafield><datafield ind1=" " ind2="0" tag="651"><subfield code="a">Gloucester (Va.)</subfield><subfield code="v">Newspapers.</subfield></datafield><datafield ind1=" " ind2="0" tag="651"><subfield code="a">Mathews (Va.)</subfield><subfield code="v">Newspapers.</subfield></datafield><datafield ind1=" " ind2="7" tag="655"><subfield code="a">Newspapers.</subfield><subfield code="2">fast</subfield><subfield code="0">(OCoLC)fst01423814</subfield></datafield><datafield ind1=" " ind2="7" tag="651"><subfield code="a">Virginia</subfield><subfield code="z">Gloucester.</subfield><subfield code="2">fast</subfield><subfield code="0">(OCoLC)fst01228431</subfield></datafield><datafield ind1=" " ind2="7" tag="651"><subfield code="a">Virginia</subfield><subfield code="z">Mathews.</subfield><subfield code="2">fast</subfield><subfield code="0">(OCoLC)fst01248621</subfield></datafield><datafield ind1=" " ind2=" " tag="752"><subfield code="a">United States</subfield><subfield code="b">Virginia</subfield><subfield code="c">Gloucester</subfield><subfield code="d">Gloucester.</subfield></datafield><datafield ind1=" " ind2=" " tag="752"><subfield code="a">United States</subfield><subfield code="b">Virginia</subfield><subfield code="c">Mathews</subfield><subfield code="d">Mathews.</subfield></datafield><datafield ind1="0" ind2="4" tag="780"><subfield code="t">Gloucester gazette</subfield><subfield code="w">(DLC)sn 96094022</subfield></datafield><datafield ind1="0" ind2="4" tag="780"><subfield code="t">Mathews journal</subfield><subfield code="x">2157-7986</subfield><subfield code="w">(DLC)sn 95067647</subfield><subfield code="w">(OCoLC)34145975</subfield></datafield></record>